================== TEMPLATE ==========================
article{article,
  author  = {Peter Adams},
  title   = {The title of the work},
  journal = {The name of the journal},
  year    = 1993,
  number  = 2,
  pages   = {201-213},
  month   = 7,
  note    = {An optional note},
  volume  = 4
}

book{book,
  author    = {Peter Babington},
  title     = {The title of the work},
  publisher = {The name of the publisher},
  year      = 1993,
  volume    = 4,
  series    = 10,
  address   = {The address},
  edition   = 3,
  month     = 7,
  note      = {An optional note},
  isbn      = {3257227892}
}

conference{conference,
  author       = {Peter Draper},
  title        = {The title of the work},
  booktitle    = {The title of the book},
  year         = 1993,
  editor       = {The editor},
  volume       = 4,
  series       = 5,
  pages        = 213,
  address      = {The address of the publisher},
  month        = 7,
  organization = {The organization},
  publisher    = {The publisher},
  note         = {An optional note}
}

inbook{inbook,
  author       = {Peter Eston},
  title        = {The title of the work},
  chapter      = 8,
  pages        = {201-213},
  publisher    = {The name of the publisher},
  year         = 1993,
  volume       = 4,
  series       = 5,
  address      = {The address of the publisher},
  edition      = 3,
  month        = 7,
  note         = {An optional note}
}

misc{misc,
  author       = {Peter Isley},
  title        = {The title of the work},
  howpublished = {How it was published},
  month        = 7,
  year         = 1993,
  note         = {An optional note}
}
================== END OF TEMPLATE ==========================
@bachelorsthesis{skripsiKakRadit,
	author       = {Raditya Herwando}, 
	title        = {Pengenalan Entitas Kesehatan pada Forum Kesehatan Online Berbahasa Indonesia Menggunakan Algoritma Conditional Random Fields},
	school       = {Universitas Indonesia},
	year         = 2016,
	address      = {Kampus UI Depok},
	month        = 7
}

@mastersthesis{myBerTaufik,
	author       = {Natanael Taufik}, 
	title        = {Myner: pengenalan entitas bernama pada tweet bahasa indonesia},
	school       = {Universitas Indonesia},
	year         = 2015,
	address      = {Kampus UI Depok},
	month        = 7
}

@inproceedings{abacha2011medical,
	title={Medical entity recognition: A comparison of semantic and statistical methods},
	author={Abacha, Asma Ben and Zweigenbaum, Pierre},
	booktitle={Proceedings of BioNLP 2011 Workshop},
	pages={56--64},
	year={2011},
	organization={Association for Computational Linguistics}
}

@misc{chollet2015,
	author = {François Chollet },
	title = {keras},
	year = {2015},
	publisher = {GitHub},
	journal = {GitHub repository},
	howpublished = {\url{https://github.com/fchollet/keras}},
	commit = {5bcac37}
}

@inproceedings{suwarningsih2014imner,
	title={ImNER Indonesian medical named entity recognition},
	author={Suwarningsih, Wiwin and Supriana, Iping and Purwarianti, Ayu},
	booktitle={Technology, Informatics, Management, Engineering, and Environment (TIME-E), 2014 2nd International Conference on},
	pages={184--188},
	year={2014},
	organization={IEEE}
}

@inproceedings{mikolov2010recurrent,
	title={Recurrent neural network based language model.},
	author={Mikolov, Tomas and Karafi{\'a}t, Martin and Burget, Lukas and Cernock{\`y}, Jan and Khudanpur, Sanjeev},
	booktitle={Interspeech},
	volume={2},
	pages={3},
	year={2010}
}

@book{haykin2009neural,
	title={Neural networks and learning machines},
	author={Haykin, Simon S and Haykin, Simon S and Haykin, Simon S and Haykin, Simon S},
	volume={3},
	year={2009},
	publisher={Pearson Upper Saddle River, NJ, USA:}
}

@inproceedings{graves2013speech,
	title={Speech recognition with deep recurrent neural networks},
	author={Graves, Alex and Mohamed, Abdel-rahman and Hinton, Geoffrey},
	booktitle={2013 IEEE international conference on acoustics, speech and signal processing},
	pages={6645--6649},
	year={2013},
	organization={IEEE}
}

@article{elman1990finding,
	title={Finding structure in time},
	author={Elman, Jeffrey L},
	journal={Cognitive science},
	volume={14},
	number={2},
	pages={179--211},
	year={1990},
	publisher={Elsevier}
}

@article{hachey2013evaluating,
	title={Evaluating entity linking with wikipedia},
	author={Hachey, Ben and Radford, Will and Nothman, Joel and Honnibal, Matthew and Curran, James R},
	journal={Artificial intelligence},
	volume={194},
	pages={130--150},
	year={2013},
	publisher={Elsevier}
}

@article{mujiono2016new,
	title={A New Data Representation Based on Training Data Characteristics to Extract Drug Named-Entity in Medical Text},
	author={Mujiono, Sadikin and Fanany, Mohamad Ivan and Basaruddin, Chan},
	journal={arXiv preprint arXiv:1610.01891},
	year={2016}
}

@incollection{graves2012neural,
	title={Neural Networks},
	author={Graves, Alex},
	booktitle={Supervised Sequence Labelling with Recurrent Neural Networks},
	pages={15--35},
	year={2012},
	publisher={Springer}
}

@article{jordan1986attractor,
	title={Attractor dynamics and parallellism in a connectionist sequential machine},
	author={Jordan, Michael I},
	year={1986},
	publisher={Lawrence Erlbaum Associates}
}

@article{lang1990time,
	title={A time-delay neural network architecture for isolated word recognition},
	author={Lang, Kevin J and Waibel, Alex H and Hinton, Geoffrey E},
	journal={Neural networks},
	volume={3},
	number={1},
	pages={23--43},
	year={1990},
	publisher={Elsevier}
}

@article{jaeger2001echo,
	title={The “echo state” approach to analysing and training recurrent neural networks-with an erratum note},
	author={Jaeger, Herbert},
	journal={Bonn, Germany: German National Research Center for Information Technology GMD Technical Report},
	volume={148},
	pages={34},
	year={2001}
}

@book{hs2005bahasa,
	title={Bahasa Indonesia: mata kuliah pengembangan kepribadian di perguruan tinggi},
	author={Hs, Widjono},
	year={2005},
	publisher={Gramedia Widiasarana Indonesia}
}

@inproceedings{graves2009offline,
	title={Offline handwriting recognition with multidimensional recurrent neural networks},
	author={Graves, Alex and Schmidhuber, J{\"u}rgen},
	booktitle={Advances in neural information processing systems},
	pages={545--552},
	year={2009}
}

@article{huang2015bidirectional,
	title={Bidirectional LSTM-CRF models for sequence tagging},
	author={Huang, Zhiheng and Xu, Wei and Yu, Kai},
	journal={arXiv preprint arXiv:1508.01991},
	year={2015}
}

@incollection{NIPS2014_5346,
	title = {Sequence to Sequence Learning with Neural Networks},
	author = {Sutskever, Ilya and Vinyals, Oriol and Le, Quoc V},
	booktitle = {Advances in Neural Information Processing Systems 27},
	editor = {Z. Ghahramani and M. Welling and C. Cortes and N. D. Lawrence and K. Q. Weinberger},
	pages = {3104--3112},
	year = {2014},
	publisher = {Curran Associates, Inc.},
	url = {http://papers.nips.cc/paper/5346-sequence-to-sequence-learning-with-neural-networks.pdf}
}

@inproceedings{seki2003probabilistic,
	title={A probabilistic model for identifying protein names and their name boundaries},
	author={Seki, Kazuhiro and Mostafa, Javed},
	booktitle={Bioinformatics Conference, 2003. CSB 2003. Proceedings of the 2003 IEEE},
	pages={251--258},
	year={2003},
	organization={IEEE}
}

@article{hochreiter1997long,
	title={Long short-term memory},
	author={Hochreiter, Sepp and Schmidhuber, J{\"u}rgen},
	journal={Neural computation},
	volume={9},
	number={8},
	pages={1735--1780},
	year={1997},
	publisher={MIT Press}
}

@inproceedings{dinakaramani2014designing,
	title={Designing an Indonesian part of speech tagset and manually tagged Indonesian corpus.},
	author={Dinakaramani, Arawinda and Rashel, Fam and Luthfi, Andry and Manurung, Ruli},
	booktitle={IALP},
	pages={66--69},
	year={2014}
}

@article{hochreiter1991untersuchungen,
	title={Untersuchungen zu dynamischen neuronalen Netzen},
	author={Hochreiter, Sepp},
	journal={Diploma, Technische Universit{\"a}t M{\"u}nchen},
	pages={91},
	year={1991}
}

@misc{hochreiter2001gradient,
	title={Gradient flow in recurrent nets: the difficulty of learning long-term dependencies},
	author={Hochreiter, Sepp and Bengio, Yoshua and Frasconi, Paolo and Schmidhuber, J{\"u}rgen},
	year={2001},
	publisher={A field guide to dynamical recurrent neural networks. IEEE Press}
}

@article{bengio1994learning,
	title={Learning long-term dependencies with gradient descent is difficult},
	author={Bengio, Yoshua and Simard, Patrice and Frasconi, Paolo},
	journal={IEEE transactions on neural networks},
	volume={5},
	number={2},
	pages={157--166},
	year={1994},
	publisher={IEEE}
}

@inproceedings{bakker2001reinforcement,
	title={Reinforcement Learning with Long Short-Term Memory.},
	author={Bakker, Bram},
	booktitle={NIPS},
	pages={1475--1482},
	year={2001}
}

@book{ieee1997advances,
	title={Advances in Neural Information Processing Systems 9: Proceedings of the 1996 Conference},
	author={IEEE conference on neural information processing systems and Mozer, Michael C and Jordan, Michael I and Petsche, Thomas},
	year={1997},
	publisher={Mit Press}
}

@misc{chollet2015keras,
	title={Keras},
	author={Chollet, Fran\c{c}ois},
	year={2015},
	publisher={GitHub},
	howpublished={\url{https://github.com/fchollet/keras}},
}

@article{schmidhuber2007training,
	title={Training recurrent networks by evolino},
	author={Schmidhuber, J{\"u}rgen and Wierstra, Daan and Gagliolo, Matteo and Gomez, Faustino},
	journal={Neural computation},
	volume={19},
	number={3},
	pages={757--779},
	year={2007},
	publisher={MIT Press}
}

@article{lecun2015deep,
	title={Deep learning},
	author={LeCun, Yann and Bengio, Yoshua and Hinton, Geoffrey},
	journal={Nature},
	volume={521},
	number={7553},
	pages={436--444},
	year={2015},
	publisher={Nature Publishing Group}
}

@article{bengio2007scaling,
	title={Scaling learning algorithms towards AI},
	author={Bengio, Yoshua and LeCun, Yann and others},
	journal={Large-scale kernel machines},
	volume={34},
	number={5},
	year={2007}
}

@inproceedings{jagannatha2016bidirectional,
	title={Bidirectional RNN for medical event detection in electronic health records},
	author={Jagannatha, Abhyuday N and Yu, Hong},
	booktitle={Proceedings of the conference. Association for Computational Linguistics. North American Chapter. Meeting},
	volume={2016},
	pages={473},
	year={2016},
	organization={NIH Public Access}
}

@article{limsopatham2016learning,
	title={Learning orthographic features in bi-directional lstm for biomedical named entity recognition},
	author={Limsopatham, Nut and Collier, Nigel},
	journal={BioTxtM 2016},
	pages={10},
	year={2016}
}

@article{almgren2016named,
	title={Named Entity Recognition in Swedish Health Records with Character-Based Deep Bidirectional LSTMs},
	author={Almgren, Simon and Pavlov, Sean and Mogren, Olof},
	journal={BioTxtM 2016},
	pages={30},
	year={2016}
}

@inproceedings{salakhutdinov2007restricted,
	title={Restricted Boltzmann machines for collaborative filtering},
	author={Salakhutdinov, Ruslan and Mnih, Andriy and Hinton, Geoffrey},
	booktitle={Proceedings of the 24th international conference on Machine learning},
	pages={791--798},
	year={2007},
	organization={ACM}
}

@inproceedings{pennington2014glove,
	title={Glove: Global Vectors for Word Representation.},
	author={Pennington, Jeffrey and Socher, Richard and Manning, Christopher D},
	booktitle={EMNLP},
	volume={14},
	pages={1532--43},
	year={2014}
}

@misc{mikolov2014word2vec,
	title={word2vec},
	author={Mikolov, Tomas and Chen, Kai and Corrado, Greg and Dean, Jeffrey},
	year={2014},
	publisher={accessed 2014-04--15. https://code. google. com/p/word2vec}
}

@inproceedings{rehurek_lrec,
	title = {{Software Framework for Topic Modelling with Large Corpora}},
	author = {Radim {\v R}eh{\r u}{\v r}ek and Petr Sojka},
	booktitle = {{Proceedings of the LREC 2010 Workshop on New
	Challenges for NLP Frameworks}},
	pages = {45--50},
	year = 2010,
	month = May,
	day = 22,
	publisher = {ELRA},
	address = {Valletta, Malta},
	note={\url{http://is.muni.cz/publication/884893/en}},
	language={English}
}

@unpublished{Goodfellow-et-al-2016-Book,
	title={Deep Learning},
	author={Ian Goodfellow and Yoshua Bengio and Aaron Courville},
	note={Book in preparation for MIT Press},
	url={http://www.deeplearningbook.org},
	year={2016}
}

@article{hinton2006fast,
	title={A fast learning algorithm for deep belief nets},
	author={Hinton, Geoffrey E and Osindero, Simon and Teh, Yee-Whye},
	journal={Neural computation},
	volume={18},
	number={7},
	pages={1527--1554},
	year={2006},
	publisher={MIT Press}
}










